%YAML 1.1
%TAG !u! tag:unity3d.com,2011:
--- !u!29 &1
OcclusionCullingSettings:
  m_ObjectHideFlags: 0
  serializedVersion: 2
  m_OcclusionBakeSettings:
    smallestOccluder: 5
    smallestHole: 0.25
    backfaceThreshold: 100
  m_SceneGUID: 00000000000000000000000000000000
  m_OcclusionCullingData: {fileID: 0}
--- !u!104 &2
RenderSettings:
  m_ObjectHideFlags: 0
  serializedVersion: 8
  m_Fog: 0
  m_FogColor: {r: 0.5, g: 0.5, b: 0.5, a: 1}
  m_FogMode: 3
  m_FogDensity: 0.01
  m_LinearFogStart: 0
  m_LinearFogEnd: 300
  m_AmbientSkyColor: {r: 0.8235294, g: 0.61121583, b: 0.4480969, a: 1}
  m_AmbientEquatorColor: {r: 0.114, g: 0.125, b: 0.133, a: 1}
  m_AmbientGroundColor: {r: 0.047, g: 0.043, b: 0.035, a: 1}
  m_AmbientIntensity: 1
  m_AmbientMode: 3
  m_SubtractiveShadowColor: {r: 0.42, g: 0.478, b: 0.627, a: 1}
  m_SkyboxMaterial: {fileID: 0}
  m_HaloStrength: 0.5
  m_FlareStrength: 1
  m_FlareFadeSpeed: 3
  m_HaloTexture: {fileID: 0}
  m_SpotCookie: {fileID: 10001, guid: 0000000000000000e000000000000000, type: 0}
  m_DefaultReflectionMode: 0
  m_DefaultReflectionResolution: 128
  m_ReflectionBounces: 1
  m_ReflectionIntensity: 0.6
  m_CustomReflection: {fileID: 0}
  m_Sun: {fileID: 1293426819}
  m_IndirectSpecularColor: {r: 0, g: 0, b: 0, a: 1}
--- !u!157 &3
LightmapSettings:
  m_ObjectHideFlags: 0
  serializedVersion: 11
  m_GIWorkflowMode: 1
  m_GISettings:
    serializedVersion: 2
    m_BounceScale: 1
    m_IndirectOutputScale: 1
    m_AlbedoBoost: 1
    m_TemporalCoherenceThreshold: 1
    m_EnvironmentLightingMode: 0
    m_EnableBakedLightmaps: 0
    m_EnableRealtimeLightmaps: 0
  m_LightmapEditorSettings:
    serializedVersion: 9
    m_Resolution: 2
    m_BakeResolution: 40
    m_TextureWidth: 1024
    m_TextureHeight: 1024
    m_AO: 0
    m_AOMaxDistance: 1
    m_CompAOExponent: 1
    m_CompAOExponentDirect: 0
    m_Padding: 2
    m_LightmapParameters: {fileID: 0}
    m_LightmapsBakeMode: 1
    m_TextureCompression: 1
    m_FinalGather: 0
    m_FinalGatherFiltering: 1
    m_FinalGatherRayCount: 256
    m_ReflectionCompression: 2
    m_MixedBakeMode: 2
    m_BakeBackend: 0
    m_PVRSampling: 1
    m_PVRDirectSampleCount: 32
    m_PVRSampleCount: 500
    m_PVRBounces: 2
    m_PVRFilterTypeDirect: 0
    m_PVRFilterTypeIndirect: 0
    m_PVRFilterTypeAO: 0
    m_PVRFilteringMode: 1
    m_PVRCulling: 1
    m_PVRFilteringGaussRadiusDirect: 1
    m_PVRFilteringGaussRadiusIndirect: 5
    m_PVRFilteringGaussRadiusAO: 2
    m_PVRFilteringAtrousPositionSigmaDirect: 0.5
    m_PVRFilteringAtrousPositionSigmaIndirect: 2
    m_PVRFilteringAtrousPositionSigmaAO: 1
    m_ShowResolutionOverlay: 1
  m_LightingDataAsset: {fileID: 112000002, guid: 054a5025432e348318858034a74fd23e,
    type: 2}
  m_UseShadowmask: 1
--- !u!196 &4
NavMeshSettings:
  serializedVersion: 2
  m_ObjectHideFlags: 0
  m_BuildSettings:
    serializedVersion: 2
    agentTypeID: 0
    agentRadius: 0.5
    agentHeight: 2
    agentSlope: 45
    agentClimb: 0.4
    ledgeDropHeight: 0
    maxJumpAcrossDistance: 0
    minRegionArea: 2
    manualCellSize: 0
    cellSize: 0.16666667
    manualTileSize: 0
    tileSize: 256
    accuratePlacement: 0
    debug:
      m_Flags: 0
  m_NavMeshData: {fileID: 0}
--- !u!1 &38119289
GameObject:
  m_ObjectHideFlags: 0
  m_PrefabParentObject: {fileID: 1254280187103260, guid: 1a17b6dc2fa024162930380059a1fabc,
    type: 2}
  m_PrefabInternal: {fileID: 0}
  serializedVersion: 5
  m_Component:
  - component: {fileID: 38119290}
  - component: {fileID: 38119291}
  m_Layer: 0
  m_Name: RightEyeAnchor
  m_TagString: Untagged
  m_Icon: {fileID: 0}
  m_NavMeshLayer: 0
  m_StaticEditorFlags: 0
  m_IsActive: 1
--- !u!4 &38119290
Transform:
  m_ObjectHideFlags: 0
  m_PrefabParentObject: {fileID: 4387517532463848, guid: 1a17b6dc2fa024162930380059a1fabc,
    type: 2}
  m_PrefabInternal: {fileID: 0}
  m_GameObject: {fileID: 38119289}
  m_LocalRotation: {x: 0, y: 0, z: 0, w: 1}
  m_LocalPosition: {x: 0, y: 0, z: 0}
  m_LocalScale: {x: 1, y: 1, z: 1}
  m_Children: []
  m_Father: {fileID: 967195282}
  m_RootOrder: 1
  m_LocalEulerAnglesHint: {x: 0, y: 0, z: 0}
--- !u!20 &38119291
Camera:
  m_ObjectHideFlags: 0
  m_PrefabParentObject: {fileID: 20128915150681774, guid: 1a17b6dc2fa024162930380059a1fabc,
    type: 2}
  m_PrefabInternal: {fileID: 0}
  m_GameObject: {fileID: 38119289}
  m_Enabled: 0
  serializedVersion: 2
  m_ClearFlags: 1
  m_BackGroundColor: {r: 0.05596996, g: 0.052529037, b: 0.05700374, a: 0}
  m_NormalizedViewPortRect:
    serializedVersion: 2
    x: 0
    y: 0
    width: 1
    height: 1
  near clip plane: 3
  far clip plane: 150
  field of view: 25
  orthographic: 0
  orthographic size: 0.0028124999
  m_Depth: 0
  m_CullingMask:
    serializedVersion: 2
    m_Bits: 4294967295
  m_RenderingPath: -1
  m_TargetTexture: {fileID: 0}
  m_TargetDisplay: 0
  m_TargetEye: 2
  m_HDR: 1
  m_AllowMSAA: 1
  m_ForceIntoRT: 0
  m_OcclusionCulling: 1
  m_StereoConvergence: 10
  m_StereoSeparation: 0.022
--- !u!1 &64749136
GameObject:
  m_ObjectHideFlags: 0
  m_PrefabParentObject: {fileID: 1643044233224596, guid: be8a742192d8e45ddb36ed7e940cab74,
    type: 2}
  m_PrefabInternal: {fileID: 0}
  serializedVersion: 5
  m_Component:
  - component: {fileID: 64749137}
  - component: {fileID: 64749140}
  - component: {fileID: 64749139}
  - component: {fileID: 64749138}
  m_Layer: 0
  m_Name: Cubo
  m_TagString: MainMenu
  m_Icon: {fileID: 0}
  m_NavMeshLayer: 0
  m_StaticEditorFlags: 0
  m_IsActive: 1
--- !u!4 &64749137
Transform:
  m_ObjectHideFlags: 0
  m_PrefabParentObject: {fileID: 4852853090765030, guid: be8a742192d8e45ddb36ed7e940cab74,
    type: 2}
  m_PrefabInternal: {fileID: 0}
  m_GameObject: {fileID: 64749136}
  m_LocalRotation: {x: -0, y: -1, z: -0, w: 0}
  m_LocalPosition: {x: 0, y: 1.3346353, z: 2.21}
  m_LocalScale: {x: 53.685238, y: 66.66666, z: 5}
  m_Children: []
  m_Father: {fileID: 739820024}
  m_RootOrder: 0
  m_LocalEulerAnglesHint: {x: 0, y: 0, z: 0}
--- !u!65 &64749138
BoxCollider:
  m_ObjectHideFlags: 0
  m_PrefabParentObject: {fileID: 65116733700245164, guid: be8a742192d8e45ddb36ed7e940cab74,
    type: 2}
  m_PrefabInternal: {fileID: 0}
  m_GameObject: {fileID: 64749136}
  m_Material: {fileID: 0}
  m_IsTrigger: 0
  m_Enabled: 1
  serializedVersion: 2
  m_Size: {x: 3.2334566, y: 1.4045897, z: 1.0646485}
  m_Center: {x: 0.015787859, y: -0.012695553, z: 0.021484328}
--- !u!23 &64749139
MeshRenderer:
  m_ObjectHideFlags: 0
  m_PrefabParentObject: {fileID: 23427296903239576, guid: be8a742192d8e45ddb36ed7e940cab74,
    type: 2}
  m_PrefabInternal: {fileID: 0}
  m_GameObject: {fileID: 64749136}
  m_Enabled: 1
  m_CastShadows: 1
  m_ReceiveShadows: 1
  m_DynamicOccludee: 0
  m_MotionVectors: 1
  m_LightProbeUsage: 1
  m_ReflectionProbeUsage: 1
  m_Materials:
  - {fileID: 2100000, guid: 8618b5ec67aff45558c23b4a9ac0e3e7, type: 2}
  m_StaticBatchInfo:
    firstSubMesh: 0
    subMeshCount: 0
  m_StaticBatchRoot: {fileID: 0}
  m_ProbeAnchor: {fileID: 0}
  m_LightProbeVolumeOverride: {fileID: 0}
  m_ScaleInLightmap: 1
  m_PreserveUVs: 0
  m_IgnoreNormalsForChartDetection: 0
  m_ImportantGI: 0
  m_StitchLightmapSeams: 0
  m_SelectedEditorRenderState: 3
  m_MinimumChartSize: 4
  m_AutoUVMaxDistance: 0.5
  m_AutoUVMaxAngle: 89
  m_LightmapParameters: {fileID: 0}
  m_SortingLayerID: 0
  m_SortingLayer: 0
  m_SortingOrder: 0
--- !u!33 &64749140
MeshFilter:
  m_ObjectHideFlags: 0
  m_PrefabParentObject: {fileID: 33444473222563130, guid: be8a742192d8e45ddb36ed7e940cab74,
    type: 2}
  m_PrefabInternal: {fileID: 0}
  m_GameObject: {fileID: 64749136}
  m_Mesh: {fileID: 4300014, guid: 8996bbc645baa4eb995169ddcb81c553, type: 3}
--- !u!1 &100161717
GameObject:
  m_ObjectHideFlags: 0
  m_PrefabParentObject: {fileID: 0}
  m_PrefabInternal: {fileID: 0}
  serializedVersion: 5
  m_Component:
  - component: {fileID: 100161718}
  - component: {fileID: 100161721}
  - component: {fileID: 100161720}
  - component: {fileID: 100161719}
  m_Layer: 0
  m_Name: Francisco Adelano
  m_TagString: Untagged
  m_Icon: {fileID: 0}
  m_NavMeshLayer: 0
  m_StaticEditorFlags: 0
  m_IsActive: 1
--- !u!224 &100161718
RectTransform:
  m_ObjectHideFlags: 0
  m_PrefabParentObject: {fileID: 0}
  m_PrefabInternal: {fileID: 0}
  m_GameObject: {fileID: 100161717}
  m_LocalRotation: {x: 0, y: 0.95105654, z: 0, w: 0.309017}
  m_LocalPosition: {x: 0, y: 0, z: -76.4}
  m_LocalScale: {x: 0.075, y: 0.075, z: 1}
  m_Children:
  - {fileID: 179612432}
  m_Father: {fileID: 1206004613}
  m_RootOrder: 5
  m_LocalEulerAnglesHint: {x: 0, y: 144, z: 0}
  m_AnchorMin: {x: 0.5, y: 0.5}
  m_AnchorMax: {x: 0.5, y: 0.5}
  m_AnchoredPosition: {x: 55, y: -10}
  m_SizeDelta: {x: 415, y: 40}
  m_Pivot: {x: 0.5, y: 0.5}
--- !u!223 &100161719
Canvas:
  m_ObjectHideFlags: 0
  m_PrefabParentObject: {fileID: 0}
  m_PrefabInternal: {fileID: 0}
  m_GameObject: {fileID: 100161717}
  m_Enabled: 1
  serializedVersion: 3
  m_RenderMode: 2
  m_Camera: {fileID: 0}
  m_PlaneDistance: 100
  m_PixelPerfect: 0
  m_ReceivesEvents: 1
  m_OverrideSorting: 0
  m_OverridePixelPerfect: 0
  m_SortingBucketNormalizedSize: 0
  m_AdditionalShaderChannelsFlag: 0
  m_SortingLayerID: 0
  m_SortingOrder: 0
  m_TargetDisplay: 0
--- !u!114 &100161720
MonoBehaviour:
  m_ObjectHideFlags: 0
  m_PrefabParentObject: {fileID: 0}
  m_PrefabInternal: {fileID: 0}
  m_GameObject: {fileID: 100161717}
  m_Enabled: 1
  m_EditorHideFlags: 0
  m_Script: {fileID: 708705254, guid: f70555f144d8491a825f0804e09c671c, type: 3}
  m_Name: 
  m_EditorClassIdentifier: 
  m_Material: {fileID: 0}
  m_Color: {r: 1, g: 1, b: 1, a: 1}
  m_RaycastTarget: 1
  m_OnCullStateChanged:
    m_PersistentCalls:
      m_Calls: []
    m_TypeName: UnityEngine.UI.MaskableGraphic+CullStateChangedEvent, UnityEngine.UI,
      Version=1.0.0.0, Culture=neutral, PublicKeyToken=null
  m_FontData:
    m_Font: {fileID: 12800000, guid: 56ceed2a56ead427d9c3bdc80f76aff9, type: 3}
    m_FontSize: 38
    m_FontStyle: 0
    m_BestFit: 0
    m_MinSize: 1
    m_MaxSize: 40
    m_Alignment: 4
    m_AlignByGeometry: 0
    m_RichText: 1
    m_HorizontalOverflow: 0
    m_VerticalOverflow: 0
    m_LineSpacing: 1
  m_Text: Francisco Adelano
--- !u!222 &100161721
CanvasRenderer:
  m_ObjectHideFlags: 0
  m_PrefabParentObject: {fileID: 0}
  m_PrefabInternal: {fileID: 0}
  m_GameObject: {fileID: 100161717}
--- !u!1 &179612431
GameObject:
  m_ObjectHideFlags: 0
  m_PrefabParentObject: {fileID: 1643044233224596, guid: be8a742192d8e45ddb36ed7e940cab74,
    type: 2}
  m_PrefabInternal: {fileID: 0}
  serializedVersion: 5
  m_Component:
  - component: {fileID: 179612432}
  - component: {fileID: 179612435}
  - component: {fileID: 179612434}
  - component: {fileID: 179612433}
  m_Layer: 0
  m_Name: Cubo
  m_TagString: Untagged
  m_Icon: {fileID: 0}
  m_NavMeshLayer: 0
  m_StaticEditorFlags: 0
  m_IsActive: 1
--- !u!4 &179612432
Transform:
  m_ObjectHideFlags: 0
  m_PrefabParentObject: {fileID: 4852853090765030, guid: be8a742192d8e45ddb36ed7e940cab74,
    type: 2}
  m_PrefabInternal: {fileID: 0}
  m_GameObject: {fileID: 179612431}
  m_LocalRotation: {x: -0, y: -1, z: -0, w: 0}
  m_LocalPosition: {x: 1.0542805, y: 0, z: 3}
  m_LocalScale: {x: 158.3337, y: 66.66666, z: 5}
  m_Children: []
  m_Father: {fileID: 100161718}
  m_RootOrder: 0
  m_LocalEulerAnglesHint: {x: 0, y: 0, z: 0}
--- !u!65 &179612433
BoxCollider:
  m_ObjectHideFlags: 0
  m_PrefabParentObject: {fileID: 65116733700245164, guid: be8a742192d8e45ddb36ed7e940cab74,
    type: 2}
  m_PrefabInternal: {fileID: 0}
  m_GameObject: {fileID: 179612431}
  m_Material: {fileID: 0}
  m_IsTrigger: 0
  m_Enabled: 1
  serializedVersion: 2
  m_Size: {x: 2.9255617, y: 1.3211915, z: 1.0774909}
  m_Center: {x: -0.0033254446, y: 0, z: -0.0039348598}
--- !u!23 &179612434
MeshRenderer:
  m_ObjectHideFlags: 0
  m_PrefabParentObject: {fileID: 23427296903239576, guid: be8a742192d8e45ddb36ed7e940cab74,
    type: 2}
  m_PrefabInternal: {fileID: 0}
  m_GameObject: {fileID: 179612431}
  m_Enabled: 1
  m_CastShadows: 1
  m_ReceiveShadows: 1
  m_DynamicOccludee: 1
  m_MotionVectors: 1
  m_LightProbeUsage: 1
  m_ReflectionProbeUsage: 1
  m_Materials:
  - {fileID: 2100000, guid: 8618b5ec67aff45558c23b4a9ac0e3e7, type: 2}
  m_StaticBatchInfo:
    firstSubMesh: 0
    subMeshCount: 0
  m_StaticBatchRoot: {fileID: 0}
  m_ProbeAnchor: {fileID: 0}
  m_LightProbeVolumeOverride: {fileID: 0}
  m_ScaleInLightmap: 1
  m_PreserveUVs: 0
  m_IgnoreNormalsForChartDetection: 0
  m_ImportantGI: 0
  m_StitchLightmapSeams: 0
  m_SelectedEditorRenderState: 3
  m_MinimumChartSize: 4
  m_AutoUVMaxDistance: 0.5
  m_AutoUVMaxAngle: 89
  m_LightmapParameters: {fileID: 0}
  m_SortingLayerID: 0
  m_SortingLayer: 0
  m_SortingOrder: 0
--- !u!33 &179612435
MeshFilter:
  m_ObjectHideFlags: 0
  m_PrefabParentObject: {fileID: 33444473222563130, guid: be8a742192d8e45ddb36ed7e940cab74,
    type: 2}
  m_PrefabInternal: {fileID: 0}
  m_GameObject: {fileID: 179612431}
  m_Mesh: {fileID: 4300014, guid: 8996bbc645baa4eb995169ddcb81c553, type: 3}
--- !u!1001 &304853574
Prefab:
  m_ObjectHideFlags: 0
  serializedVersion: 2
  m_Modification:
    m_TransformParent: {fileID: 1206004613}
    m_Modifications:
    - target: {fileID: 4251378750013336, guid: d812264fbb015441a83dd138e8af7d6e, type: 2}
      propertyPath: m_LocalPosition.x
      value: 0
      objectReference: {fileID: 0}
    - target: {fileID: 4251378750013336, guid: d812264fbb015441a83dd138e8af7d6e, type: 2}
      propertyPath: m_LocalPosition.y
      value: -8.4
      objectReference: {fileID: 0}
    - target: {fileID: 4251378750013336, guid: d812264fbb015441a83dd138e8af7d6e, type: 2}
      propertyPath: m_LocalPosition.z
      value: 93.2
      objectReference: {fileID: 0}
    - target: {fileID: 4251378750013336, guid: d812264fbb015441a83dd138e8af7d6e, type: 2}
      propertyPath: m_LocalRotation.x
      value: -0
      objectReference: {fileID: 0}
    - target: {fileID: 4251378750013336, guid: d812264fbb015441a83dd138e8af7d6e, type: 2}
      propertyPath: m_LocalRotation.y
      value: -0
      objectReference: {fileID: 0}
    - target: {fileID: 4251378750013336, guid: d812264fbb015441a83dd138e8af7d6e, type: 2}
      propertyPath: m_LocalRotation.z
      value: -0
      objectReference: {fileID: 0}
    - target: {fileID: 4251378750013336, guid: d812264fbb015441a83dd138e8af7d6e, type: 2}
      propertyPath: m_LocalRotation.w
      value: 1
      objectReference: {fileID: 0}
    - target: {fileID: 4251378750013336, guid: d812264fbb015441a83dd138e8af7d6e, type: 2}
      propertyPath: m_RootOrder
      value: 0
      objectReference: {fileID: 0}
    - target: {fileID: 114392824524944594, guid: d812264fbb015441a83dd138e8af7d6e,
        type: 2}
      propertyPath: CameraFacing
      value: 
      objectReference: {fileID: 2014268572}
    - target: {fileID: 114086753836599698, guid: d812264fbb015441a83dd138e8af7d6e,
        type: 2}
      propertyPath: m_Material
      value: 
      objectReference: {fileID: 2100000, guid: d3030cba2c4bf4e93bf4e89ae4fcd997, type: 2}
    - target: {fileID: 1538582539263944, guid: d812264fbb015441a83dd138e8af7d6e, type: 2}
      propertyPath: m_IsActive
      value: 1
      objectReference: {fileID: 0}
    m_RemovedComponents: []
  m_ParentPrefab: {fileID: 100100000, guid: d812264fbb015441a83dd138e8af7d6e, type: 2}
  m_IsPrefabParent: 0
--- !u!224 &430930174 stripped
RectTransform:
  m_PrefabParentObject: {fileID: 224355385010613014, guid: d812264fbb015441a83dd138e8af7d6e,
    type: 2}
  m_PrefabInternal: {fileID: 304853574}
--- !u!1 &511238052
GameObject:
  m_ObjectHideFlags: 0
  m_PrefabParentObject: {fileID: 0}
  m_PrefabInternal: {fileID: 0}
  serializedVersion: 5
  m_Component:
  - component: {fileID: 511238053}
  - component: {fileID: 511238054}
  m_Layer: 0
  m_Name: techsprint
  m_TagString: Untagged
  m_Icon: {fileID: 0}
  m_NavMeshLayer: 0
  m_StaticEditorFlags: 0
  m_IsActive: 1
--- !u!4 &511238053
Transform:
  m_ObjectHideFlags: 0
  m_PrefabParentObject: {fileID: 0}
  m_PrefabInternal: {fileID: 0}
  m_GameObject: {fileID: 511238052}
  m_LocalRotation: {x: -0, y: -0, z: -0, w: 1}
  m_LocalPosition: {x: 0, y: 0, z: 0}
  m_LocalScale: {x: 1, y: 1, z: 1}
  m_Children: []
  m_Father: {fileID: 1191951000}
  m_RootOrder: 0
  m_LocalEulerAnglesHint: {x: 0, y: 0, z: 0}
--- !u!212 &511238054
SpriteRenderer:
  m_ObjectHideFlags: 0
  m_PrefabParentObject: {fileID: 0}
  m_PrefabInternal: {fileID: 0}
  m_GameObject: {fileID: 511238052}
  m_Enabled: 1
  m_CastShadows: 0
  m_ReceiveShadows: 0
  m_DynamicOccludee: 1
  m_MotionVectors: 1
  m_LightProbeUsage: 1
  m_ReflectionProbeUsage: 1
  m_Materials:
  - {fileID: 10754, guid: 0000000000000000f000000000000000, type: 0}
  m_StaticBatchInfo:
    firstSubMesh: 0
    subMeshCount: 0
  m_StaticBatchRoot: {fileID: 0}
  m_ProbeAnchor: {fileID: 0}
  m_LightProbeVolumeOverride: {fileID: 0}
  m_ScaleInLightmap: 1
  m_PreserveUVs: 0
  m_IgnoreNormalsForChartDetection: 0
  m_ImportantGI: 0
  m_StitchLightmapSeams: 0
  m_SelectedEditorRenderState: 0
  m_MinimumChartSize: 4
  m_AutoUVMaxDistance: 0.5
  m_AutoUVMaxAngle: 89
  m_LightmapParameters: {fileID: 0}
  m_SortingLayerID: 0
  m_SortingLayer: 0
  m_SortingOrder: 0
  m_Sprite: {fileID: 21300000, guid: 32d95738718d34663bec204ae6c7ad74, type: 3}
  m_Color: {r: 1, g: 1, b: 1, a: 1}
  m_FlipX: 0
  m_FlipY: 0
  m_DrawMode: 0
  m_Size: {x: 3.67, y: 3.76}
  m_AdaptiveModeThreshold: 0.5
  m_SpriteTileMode: 0
  m_WasSpriteAssigned: 1
  m_MaskInteraction: 0
--- !u!1 &540677677
GameObject:
  m_ObjectHideFlags: 0
  m_PrefabParentObject: {fileID: 1509152044947546, guid: 1a17b6dc2fa024162930380059a1fabc,
    type: 2}
  m_PrefabInternal: {fileID: 0}
  serializedVersion: 5
  m_Component:
  - component: {fileID: 540677678}
  m_Layer: 0
  m_Name: TrackerAnchor
  m_TagString: Untagged
  m_Icon: {fileID: 0}
  m_NavMeshLayer: 0
  m_StaticEditorFlags: 0
  m_IsActive: 1
--- !u!4 &540677678
Transform:
  m_ObjectHideFlags: 0
  m_PrefabParentObject: {fileID: 4496393374656266, guid: 1a17b6dc2fa024162930380059a1fabc,
    type: 2}
  m_PrefabInternal: {fileID: 0}
  m_GameObject: {fileID: 540677677}
  m_LocalRotation: {x: 0, y: 0, z: 0, w: 1}
  m_LocalPosition: {x: 0, y: 0, z: 0}
  m_LocalScale: {x: 1, y: 1, z: 1}
  m_Children: []
  m_Father: {fileID: 967195282}
  m_RootOrder: 3
  m_LocalEulerAnglesHint: {x: 0, y: 0, z: 0}
--- !u!1 &560036214
GameObject:
  m_ObjectHideFlags: 0
  m_PrefabParentObject: {fileID: 0}
  m_PrefabInternal: {fileID: 0}
  serializedVersion: 5
  m_Component:
  - component: {fileID: 560036215}
  - component: {fileID: 560036218}
  - component: {fileID: 560036217}
  - component: {fileID: 560036216}
  m_Layer: 0
  m_Name: Fabiana Nakasone
  m_TagString: Untagged
  m_Icon: {fileID: 0}
  m_NavMeshLayer: 0
  m_StaticEditorFlags: 0
  m_IsActive: 1
--- !u!224 &560036215
RectTransform:
  m_ObjectHideFlags: 0
  m_PrefabParentObject: {fileID: 0}
  m_PrefabInternal: {fileID: 0}
  m_GameObject: {fileID: 560036214}
  m_LocalRotation: {x: 0, y: -0.58778524, z: 0, w: 0.809017}
  m_LocalPosition: {x: 0, y: 0, z: 28.8}
  m_LocalScale: {x: 0.075, y: 0.075, z: 1}
  m_Children:
  - {fileID: 2054462884}
  m_Father: {fileID: 1206004613}
  m_RootOrder: 4
  m_LocalEulerAnglesHint: {x: 0, y: -72, z: 0}
  m_AnchorMin: {x: 0.5, y: 0.5}
  m_AnchorMax: {x: 0.5, y: 0.5}
  m_AnchoredPosition: {x: -89.9, y: -10}
  m_SizeDelta: {x: 415, y: 40}
  m_Pivot: {x: 0.5, y: 0.5}
--- !u!223 &560036216
Canvas:
  m_ObjectHideFlags: 0
  m_PrefabParentObject: {fileID: 0}
  m_PrefabInternal: {fileID: 0}
  m_GameObject: {fileID: 560036214}
  m_Enabled: 1
  serializedVersion: 3
  m_RenderMode: 2
  m_Camera: {fileID: 0}
  m_PlaneDistance: 100
  m_PixelPerfect: 0
  m_ReceivesEvents: 1
  m_OverrideSorting: 0
  m_OverridePixelPerfect: 0
  m_SortingBucketNormalizedSize: 0
  m_AdditionalShaderChannelsFlag: 0
  m_SortingLayerID: 0
  m_SortingOrder: 0
  m_TargetDisplay: 0
--- !u!114 &560036217
MonoBehaviour:
  m_ObjectHideFlags: 0
  m_PrefabParentObject: {fileID: 0}
  m_PrefabInternal: {fileID: 0}
  m_GameObject: {fileID: 560036214}
  m_Enabled: 1
  m_EditorHideFlags: 0
  m_Script: {fileID: 708705254, guid: f70555f144d8491a825f0804e09c671c, type: 3}
  m_Name: 
  m_EditorClassIdentifier: 
  m_Material: {fileID: 0}
  m_Color: {r: 1, g: 1, b: 1, a: 1}
  m_RaycastTarget: 1
  m_OnCullStateChanged:
    m_PersistentCalls:
      m_Calls: []
    m_TypeName: UnityEngine.UI.MaskableGraphic+CullStateChangedEvent, UnityEngine.UI,
      Version=1.0.0.0, Culture=neutral, PublicKeyToken=null
  m_FontData:
    m_Font: {fileID: 12800000, guid: 56ceed2a56ead427d9c3bdc80f76aff9, type: 3}
    m_FontSize: 38
    m_FontStyle: 0
    m_BestFit: 0
    m_MinSize: 1
    m_MaxSize: 40
    m_Alignment: 4
    m_AlignByGeometry: 0
    m_RichText: 1
    m_HorizontalOverflow: 0
    m_VerticalOverflow: 0
    m_LineSpacing: 1
  m_Text: Fabiana Nakasone
--- !u!222 &560036218
CanvasRenderer:
  m_ObjectHideFlags: 0
  m_PrefabParentObject: {fileID: 0}
  m_PrefabInternal: {fileID: 0}
  m_GameObject: {fileID: 560036214}
--- !u!1 &698662936
GameObject:
  m_ObjectHideFlags: 0
  m_PrefabParentObject: {fileID: 0}
  m_PrefabInternal: {fileID: 0}
  serializedVersion: 5
  m_Component:
  - component: {fileID: 698662937}
  m_Layer: 0
  m_Name: Isobar
  m_TagString: Untagged
  m_Icon: {fileID: 0}
  m_NavMeshLayer: 0
  m_StaticEditorFlags: 0
  m_IsActive: 1
--- !u!4 &698662937
Transform:
  m_ObjectHideFlags: 0
  m_PrefabParentObject: {fileID: 0}
  m_PrefabInternal: {fileID: 0}
  m_GameObject: {fileID: 698662936}
  m_LocalRotation: {x: 0, y: 0, z: 0, w: 1}
  m_LocalPosition: {x: 0, y: 10, z: 0}
  m_LocalScale: {x: 1, y: 1, z: 1}
  m_Children:
  - {fileID: 1874532725}
  m_Father: {fileID: 1903800184}
  m_RootOrder: 0
  m_LocalEulerAnglesHint: {x: 0, y: 0, z: 0}
--- !u!1 &739820023
GameObject:
  m_ObjectHideFlags: 0
  m_PrefabParentObject: {fileID: 0}
  m_PrefabInternal: {fileID: 0}
  serializedVersion: 5
  m_Component:
  - component: {fileID: 739820024}
  - component: {fileID: 739820027}
  - component: {fileID: 739820026}
  - component: {fileID: 739820025}
  m_Layer: 0
  m_Name: Voltar
  m_TagString: MainMenu
  m_Icon: {fileID: 0}
  m_NavMeshLayer: 0
  m_StaticEditorFlags: 0
  m_IsActive: 1
--- !u!224 &739820024
RectTransform:
  m_ObjectHideFlags: 0
  m_PrefabParentObject: {fileID: 0}
  m_PrefabInternal: {fileID: 0}
  m_GameObject: {fileID: 739820023}
  m_LocalRotation: {x: 0, y: 0, z: 0, w: 1}
  m_LocalPosition: {x: 0, y: 0, z: 95}
  m_LocalScale: {x: 0.074999996, y: 0.074999996, z: 1}
  m_Children:
  - {fileID: 64749137}
  m_Father: {fileID: 1206004613}
  m_RootOrder: 2
  m_LocalEulerAnglesHint: {x: 0, y: 0, z: 0}
  m_AnchorMin: {x: 0.5, y: 0.5}
  m_AnchorMax: {x: 0.5, y: 0.5}
  m_AnchoredPosition: {x: 0, y: -10}
  m_SizeDelta: {x: 150, y: 40}
  m_Pivot: {x: 0.5, y: 0.5}
--- !u!223 &739820025
Canvas:
  m_ObjectHideFlags: 0
  m_PrefabParentObject: {fileID: 0}
  m_PrefabInternal: {fileID: 0}
  m_GameObject: {fileID: 739820023}
  m_Enabled: 1
  serializedVersion: 3
  m_RenderMode: 2
  m_Camera: {fileID: 0}
  m_PlaneDistance: 100
  m_PixelPerfect: 0
  m_ReceivesEvents: 1
  m_OverrideSorting: 0
  m_OverridePixelPerfect: 0
  m_SortingBucketNormalizedSize: 0
  m_AdditionalShaderChannelsFlag: 0
  m_SortingLayerID: 0
  m_SortingOrder: 0
  m_TargetDisplay: 0
--- !u!114 &739820026
MonoBehaviour:
  m_ObjectHideFlags: 0
  m_PrefabParentObject: {fileID: 0}
  m_PrefabInternal: {fileID: 0}
  m_GameObject: {fileID: 739820023}
  m_Enabled: 1
  m_EditorHideFlags: 0
  m_Script: {fileID: 708705254, guid: f70555f144d8491a825f0804e09c671c, type: 3}
  m_Name: 
  m_EditorClassIdentifier: 
  m_Material: {fileID: 0}
  m_Color: {r: 1, g: 1, b: 1, a: 1}
  m_RaycastTarget: 1
  m_OnCullStateChanged:
    m_PersistentCalls:
      m_Calls: []
    m_TypeName: UnityEngine.UI.MaskableGraphic+CullStateChangedEvent, UnityEngine.UI,
      Version=1.0.0.0, Culture=neutral, PublicKeyToken=null
  m_FontData:
    m_Font: {fileID: 12800000, guid: 56ceed2a56ead427d9c3bdc80f76aff9, type: 3}
    m_FontSize: 38
    m_FontStyle: 0
    m_BestFit: 0
    m_MinSize: 1
    m_MaxSize: 40
    m_Alignment: 4
    m_AlignByGeometry: 0
    m_RichText: 1
    m_HorizontalOverflow: 0
    m_VerticalOverflow: 0
    m_LineSpacing: 1
  m_Text: Voltar
--- !u!222 &739820027
CanvasRenderer:
  m_ObjectHideFlags: 0
  m_PrefabParentObject: {fileID: 0}
  m_PrefabInternal: {fileID: 0}
  m_GameObject: {fileID: 739820023}
--- !u!1 &931378624
GameObject:
  m_ObjectHideFlags: 0
  m_PrefabParentObject: {fileID: 1643044233224596, guid: be8a742192d8e45ddb36ed7e940cab74,
    type: 2}
  m_PrefabInternal: {fileID: 0}
  serializedVersion: 5
  m_Component:
  - component: {fileID: 931378625}
  - component: {fileID: 931378628}
  - component: {fileID: 931378627}
  - component: {fileID: 931378626}
  m_Layer: 0
  m_Name: Portrait
  m_TagString: Untagged
  m_Icon: {fileID: 0}
  m_NavMeshLayer: 0
  m_StaticEditorFlags: 0
  m_IsActive: 1
--- !u!4 &931378625
Transform:
  m_ObjectHideFlags: 0
  m_PrefabParentObject: {fileID: 4852853090765030, guid: be8a742192d8e45ddb36ed7e940cab74,
    type: 2}
  m_PrefabInternal: {fileID: 0}
  m_GameObject: {fileID: 931378624}
  m_LocalRotation: {x: -0, y: -1, z: -0, w: 0}
  m_LocalPosition: {x: -97.8, y: 102.4, z: 4.3}
  m_LocalScale: {x: 85, y: 250, z: 2}
  m_Children:
  - {fileID: 1854551515}
  m_Father: {fileID: 1837764288}
  m_RootOrder: 1
  m_LocalEulerAnglesHint: {x: 0, y: 0, z: 0}
--- !u!65 &931378626
BoxCollider:
  m_ObjectHideFlags: 0
  m_PrefabParentObject: {fileID: 65116733700245164, guid: be8a742192d8e45ddb36ed7e940cab74,
    type: 2}
  m_PrefabInternal: {fileID: 0}
  m_GameObject: {fileID: 931378624}
  m_Material: {fileID: 0}
  m_IsTrigger: 0
  m_Enabled: 1
  serializedVersion: 2
  m_Size: {x: 2.8229995, y: 1.1248732, z: 0.86129105}
  m_Center: {x: 0, y: 0, z: -0.00393039}
--- !u!23 &931378627
MeshRenderer:
  m_ObjectHideFlags: 0
  m_PrefabParentObject: {fileID: 23427296903239576, guid: be8a742192d8e45ddb36ed7e940cab74,
    type: 2}
  m_PrefabInternal: {fileID: 0}
  m_GameObject: {fileID: 931378624}
  m_Enabled: 1
  m_CastShadows: 1
  m_ReceiveShadows: 1
  m_DynamicOccludee: 1
  m_MotionVectors: 1
  m_LightProbeUsage: 1
  m_ReflectionProbeUsage: 1
  m_Materials:
  - {fileID: 2100000, guid: 8618b5ec67aff45558c23b4a9ac0e3e7, type: 2}
  m_StaticBatchInfo:
    firstSubMesh: 0
    subMeshCount: 0
  m_StaticBatchRoot: {fileID: 0}
  m_ProbeAnchor: {fileID: 0}
  m_LightProbeVolumeOverride: {fileID: 0}
  m_ScaleInLightmap: 1
  m_PreserveUVs: 0
  m_IgnoreNormalsForChartDetection: 0
  m_ImportantGI: 0
  m_StitchLightmapSeams: 0
  m_SelectedEditorRenderState: 3
  m_MinimumChartSize: 4
  m_AutoUVMaxDistance: 0.5
  m_AutoUVMaxAngle: 89
  m_LightmapParameters: {fileID: 0}
  m_SortingLayerID: 0
  m_SortingLayer: 0
  m_SortingOrder: 0
--- !u!33 &931378628
MeshFilter:
  m_ObjectHideFlags: 0
  m_PrefabParentObject: {fileID: 33444473222563130, guid: be8a742192d8e45ddb36ed7e940cab74,
    type: 2}
  m_PrefabInternal: {fileID: 0}
  m_GameObject: {fileID: 931378624}
  m_Mesh: {fileID: 4300014, guid: 8996bbc645baa4eb995169ddcb81c553, type: 3}
--- !u!1 &967195281
GameObject:
  m_ObjectHideFlags: 0
  m_PrefabParentObject: {fileID: 1922617598306970, guid: 1a17b6dc2fa024162930380059a1fabc,
    type: 2}
  m_PrefabInternal: {fileID: 0}
  serializedVersion: 5
  m_Component:
  - component: {fileID: 967195282}
  m_Layer: 0
  m_Name: TrackingSpace
  m_TagString: Untagged
  m_Icon: {fileID: 0}
  m_NavMeshLayer: 0
  m_StaticEditorFlags: 0
  m_IsActive: 1
--- !u!4 &967195282
Transform:
  m_ObjectHideFlags: 0
  m_PrefabParentObject: {fileID: 4509873872553104, guid: 1a17b6dc2fa024162930380059a1fabc,
    type: 2}
  m_PrefabInternal: {fileID: 0}
  m_GameObject: {fileID: 967195281}
  m_LocalRotation: {x: 0, y: 0, z: 0, w: 1}
  m_LocalPosition: {x: 0, y: 0, z: 0}
  m_LocalScale: {x: 1, y: 1, z: 1}
  m_Children:
  - {fileID: 1239275258}
  - {fileID: 38119290}
  - {fileID: 2014268571}
  - {fileID: 540677678}
  - {fileID: 1757704939}
  - {fileID: 1896965175}
  m_Father: {fileID: 1003473572}
  m_RootOrder: 0
  m_LocalEulerAnglesHint: {x: 0, y: 0, z: 0}
--- !u!1 &1003473571
GameObject:
  m_ObjectHideFlags: 0
  m_PrefabParentObject: {fileID: 1901036753736808, guid: 1a17b6dc2fa024162930380059a1fabc,
    type: 2}
  m_PrefabInternal: {fileID: 0}
  serializedVersion: 5
  m_Component:
  - component: {fileID: 1003473572}
  - component: {fileID: 1003473575}
  - component: {fileID: 1003473574}
  - component: {fileID: 1003473573}
  m_Layer: 0
  m_Name: OVRCameraRig
  m_TagString: Untagged
  m_Icon: {fileID: 0}
  m_NavMeshLayer: 0
  m_StaticEditorFlags: 0
  m_IsActive: 1
--- !u!4 &1003473572
Transform:
  m_ObjectHideFlags: 0
  m_PrefabParentObject: {fileID: 4548731185492834, guid: 1a17b6dc2fa024162930380059a1fabc,
    type: 2}
  m_PrefabInternal: {fileID: 0}
  m_GameObject: {fileID: 1003473571}
  m_LocalRotation: {x: 0, y: 0, z: 0, w: 1}
  m_LocalPosition: {x: 0, y: 0, z: 0}
  m_LocalScale: {x: 1, y: 1, z: 1}
  m_Children:
  - {fileID: 967195282}
  m_Father: {fileID: 2014872498}
  m_RootOrder: 0
  m_LocalEulerAnglesHint: {x: 0, y: 0, z: 0}
--- !u!114 &1003473573
MonoBehaviour:
  m_ObjectHideFlags: 0
  m_PrefabParentObject: {fileID: 114141717246399060, guid: 1a17b6dc2fa024162930380059a1fabc,
    type: 2}
  m_PrefabInternal: {fileID: 0}
  m_GameObject: {fileID: 1003473571}
  m_Enabled: 1
  m_EditorHideFlags: 0
  m_Script: {fileID: 11500000, guid: f8e7ff1cdf4c4e74db00c3684108bc9a, type: 3}
  m_Name: 
  m_EditorClassIdentifier: 
  m_EventMask:
    serializedVersion: 2
    m_Bits: 256
--- !u!114 &1003473574
MonoBehaviour:
  m_ObjectHideFlags: 0
  m_PrefabParentObject: {fileID: 114192624574935638, guid: 1a17b6dc2fa024162930380059a1fabc,
    type: 2}
  m_PrefabInternal: {fileID: 0}
  m_GameObject: {fileID: 1003473571}
  m_Enabled: 1
  m_EditorHideFlags: 0
  m_Script: {fileID: 11500000, guid: 7e933e81d3c20c74ea6fdc708a67e3a5, type: 3}
  m_Name: 
  m_EditorClassIdentifier: 
  queueAhead: 1
  useRecommendedMSAALevel: 0
  enableAdaptiveResolution: 0
  minRenderScale: 0.7
  maxRenderScale: 1
  _trackingOriginType: 0
  usePositionTracking: 1
  useRotationTracking: 1
  useIPDInPositionTracking: 1
  resetTrackerOnLoad: 0
--- !u!114 &1003473575
MonoBehaviour:
  m_ObjectHideFlags: 0
  m_PrefabParentObject: {fileID: 114480602017674838, guid: 1a17b6dc2fa024162930380059a1fabc,
    type: 2}
  m_PrefabInternal: {fileID: 0}
  m_GameObject: {fileID: 1003473571}
  m_Enabled: 1
  m_EditorHideFlags: 0
  m_Script: {fileID: 11500000, guid: df9f338034892c44ebb62d97894772f1, type: 3}
  m_Name: 
  m_EditorClassIdentifier: 
  usePerEyeCameras: 0
  useFixedUpdateForTracking: 0
--- !u!1 &1154615142
GameObject:
  m_ObjectHideFlags: 0
  m_PrefabParentObject: {fileID: 1643044233224596, guid: be8a742192d8e45ddb36ed7e940cab74,
    type: 2}
  m_PrefabInternal: {fileID: 0}
  serializedVersion: 5
  m_Component:
  - component: {fileID: 1154615143}
  - component: {fileID: 1154615146}
  - component: {fileID: 1154615145}
  - component: {fileID: 1154615144}
  m_Layer: 0
  m_Name: Cubo
  m_TagString: Untagged
  m_Icon: {fileID: 0}
  m_NavMeshLayer: 0
  m_StaticEditorFlags: 0
  m_IsActive: 1
--- !u!4 &1154615143
Transform:
  m_ObjectHideFlags: 0
  m_PrefabParentObject: {fileID: 4852853090765030, guid: be8a742192d8e45ddb36ed7e940cab74,
    type: 2}
  m_PrefabInternal: {fileID: 0}
  m_GameObject: {fileID: 1154615142}
  m_LocalRotation: {x: -0, y: -1, z: -0, w: 0}
  m_LocalPosition: {x: -3.0790198, y: 1.3346353, z: 3}
  m_LocalScale: {x: 158.3337, y: 66.66666, z: 5}
  m_Children: []
  m_Father: {fileID: 1328122177}
  m_RootOrder: 0
  m_LocalEulerAnglesHint: {x: 0, y: 0, z: 0}
--- !u!65 &1154615144
BoxCollider:
  m_ObjectHideFlags: 0
  m_PrefabParentObject: {fileID: 65116733700245164, guid: be8a742192d8e45ddb36ed7e940cab74,
    type: 2}
  m_PrefabInternal: {fileID: 0}
  m_GameObject: {fileID: 1154615142}
  m_Material: {fileID: 0}
  m_IsTrigger: 0
  m_Enabled: 1
  serializedVersion: 2
  m_Size: {x: 2.9255617, y: 1.3211915, z: 1.0774909}
  m_Center: {x: -0.0033254446, y: 0, z: -0.0039348598}
--- !u!23 &1154615145
MeshRenderer:
  m_ObjectHideFlags: 0
  m_PrefabParentObject: {fileID: 23427296903239576, guid: be8a742192d8e45ddb36ed7e940cab74,
    type: 2}
  m_PrefabInternal: {fileID: 0}
  m_GameObject: {fileID: 1154615142}
  m_Enabled: 1
  m_CastShadows: 1
  m_ReceiveShadows: 1
  m_DynamicOccludee: 1
  m_MotionVectors: 1
  m_LightProbeUsage: 1
  m_ReflectionProbeUsage: 1
  m_Materials:
  - {fileID: 2100000, guid: 8618b5ec67aff45558c23b4a9ac0e3e7, type: 2}
  m_StaticBatchInfo:
    firstSubMesh: 0
    subMeshCount: 0
  m_StaticBatchRoot: {fileID: 0}
  m_ProbeAnchor: {fileID: 0}
  m_LightProbeVolumeOverride: {fileID: 0}
  m_ScaleInLightmap: 1
  m_PreserveUVs: 0
  m_IgnoreNormalsForChartDetection: 0
  m_ImportantGI: 0
  m_StitchLightmapSeams: 0
  m_SelectedEditorRenderState: 3
  m_MinimumChartSize: 4
  m_AutoUVMaxDistance: 0.5
  m_AutoUVMaxAngle: 89
  m_LightmapParameters: {fileID: 0}
  m_SortingLayerID: 0
  m_SortingLayer: 0
  m_SortingOrder: 0
--- !u!33 &1154615146
MeshFilter:
  m_ObjectHideFlags: 0
  m_PrefabParentObject: {fileID: 33444473222563130, guid: be8a742192d8e45ddb36ed7e940cab74,
    type: 2}
  m_PrefabInternal: {fileID: 0}
  m_GameObject: {fileID: 1154615142}
  m_Mesh: {fileID: 4300014, guid: 8996bbc645baa4eb995169ddcb81c553, type: 3}
--- !u!1 &1191950999
GameObject:
  m_ObjectHideFlags: 0
  m_PrefabParentObject: {fileID: 0}
  m_PrefabInternal: {fileID: 0}
  serializedVersion: 5
  m_Component:
  - component: {fileID: 1191951000}
  m_Layer: 0
  m_Name: TechSprint
  m_TagString: Untagged
  m_Icon: {fileID: 0}
  m_NavMeshLayer: 0
  m_StaticEditorFlags: 0
  m_IsActive: 1
--- !u!4 &1191951000
Transform:
  m_ObjectHideFlags: 0
  m_PrefabParentObject: {fileID: 0}
  m_PrefabInternal: {fileID: 0}
  m_GameObject: {fileID: 1191950999}
  m_LocalRotation: {x: 0, y: 0, z: 0, w: 1}
  m_LocalPosition: {x: 0, y: -6, z: 0}
  m_LocalScale: {x: 3, y: 3, z: 1}
  m_Children:
  - {fileID: 511238053}
  m_Father: {fileID: 1903800184}
  m_RootOrder: 1
  m_LocalEulerAnglesHint: {x: 0, y: 0, z: 0}
--- !u!1 &1206004611
GameObject:
  m_ObjectHideFlags: 0
  m_PrefabParentObject: {fileID: 100012, guid: 8e6772d078f6c40ec85749642925b6a9, type: 3}
  m_PrefabInternal: {fileID: 0}
  serializedVersion: 5
  m_Component:
  - component: {fileID: 1206004613}
  - component: {fileID: 1206004612}
  m_Layer: 0
  m_Name: cena_creditos
  m_TagString: Untagged
  m_Icon: {fileID: 0}
  m_NavMeshLayer: 0
  m_StaticEditorFlags: 0
  m_IsActive: 1
--- !u!95 &1206004612
Animator:
  serializedVersion: 3
  m_ObjectHideFlags: 0
  m_PrefabParentObject: {fileID: 9500000, guid: 8e6772d078f6c40ec85749642925b6a9,
    type: 3}
  m_PrefabInternal: {fileID: 0}
  m_GameObject: {fileID: 1206004611}
  m_Enabled: 1
  m_Avatar: {fileID: 9000000, guid: 8e6772d078f6c40ec85749642925b6a9, type: 3}
  m_Controller: {fileID: 0}
  m_CullingMode: 0
  m_UpdateMode: 0
  m_ApplyRootMotion: 0
  m_LinearVelocityBlending: 0
  m_WarningMessage: 
  m_HasTransformHierarchy: 1
  m_AllowConstantClipSamplingOptimization: 1
--- !u!4 &1206004613
Transform:
  m_ObjectHideFlags: 0
  m_PrefabParentObject: {fileID: 400012, guid: 8e6772d078f6c40ec85749642925b6a9, type: 3}
  m_PrefabInternal: {fileID: 0}
  m_GameObject: {fileID: 1206004611}
  m_LocalRotation: {x: 0, y: 0, z: 0, w: 1}
  m_LocalPosition: {x: 288.06906, y: 2300.1997, z: -3946.1553}
  m_LocalScale: {x: 1, y: 1, z: 1}
  m_Children:
  - {fileID: 430930174}
  - {fileID: 2014872498}
  - {fileID: 739820024}
  - {fileID: 1837764288}
  - {fileID: 560036215}
  - {fileID: 100161718}
  - {fileID: 1328122177}
  - {fileID: 1903800184}
  - {fileID: 1293426820}
  m_Father: {fileID: 0}
  m_RootOrder: 0
  m_LocalEulerAnglesHint: {x: 0, y: 0, z: 0}
--- !u!1 &1239275257
GameObject:
  m_ObjectHideFlags: 0
  m_PrefabParentObject: {fileID: 1354449441146100, guid: 1a17b6dc2fa024162930380059a1fabc,
    type: 2}
  m_PrefabInternal: {fileID: 0}
  serializedVersion: 5
  m_Component:
  - component: {fileID: 1239275258}
  - component: {fileID: 1239275259}
  m_Layer: 0
  m_Name: LeftEyeAnchor
  m_TagString: MainCamera
  m_Icon: {fileID: 0}
  m_NavMeshLayer: 0
  m_StaticEditorFlags: 0
  m_IsActive: 1
--- !u!4 &1239275258
Transform:
  m_ObjectHideFlags: 0
  m_PrefabParentObject: {fileID: 4471273095314702, guid: 1a17b6dc2fa024162930380059a1fabc,
    type: 2}
  m_PrefabInternal: {fileID: 0}
  m_GameObject: {fileID: 1239275257}
  m_LocalRotation: {x: 0, y: 0, z: 0, w: 1}
  m_LocalPosition: {x: 0, y: 0, z: 0}
  m_LocalScale: {x: 1, y: 1, z: 1}
  m_Children: []
  m_Father: {fileID: 967195282}
  m_RootOrder: 0
  m_LocalEulerAnglesHint: {x: 0, y: 0, z: 0}
--- !u!20 &1239275259
Camera:
  m_ObjectHideFlags: 0
  m_PrefabParentObject: {fileID: 20564042612447082, guid: 1a17b6dc2fa024162930380059a1fabc,
    type: 2}
  m_PrefabInternal: {fileID: 0}
  m_GameObject: {fileID: 1239275257}
  m_Enabled: 0
  serializedVersion: 2
  m_ClearFlags: 1
  m_BackGroundColor: {r: 0.05596996, g: 0.052529037, b: 0.05700374, a: 0}
  m_NormalizedViewPortRect:
    serializedVersion: 2
    x: 0
    y: 0
    width: 1
    height: 1
  near clip plane: 3
  far clip plane: 150
  field of view: 25
  orthographic: 0
  orthographic size: 0.0028124999
  m_Depth: 0
  m_CullingMask:
    serializedVersion: 2
    m_Bits: 4294967295
  m_RenderingPath: -1
  m_TargetTexture: {fileID: 0}
  m_TargetDisplay: 0
  m_TargetEye: 1
  m_HDR: 1
  m_AllowMSAA: 1
  m_ForceIntoRT: 0
  m_OcclusionCulling: 1
  m_StereoConvergence: 10
  m_StereoSeparation: 0.022
--- !u!1 &1293426818
GameObject:
  m_ObjectHideFlags: 0
  m_PrefabParentObject: {fileID: 0}
  m_PrefabInternal: {fileID: 0}
  serializedVersion: 5
  m_Component:
  - component: {fileID: 1293426820}
  - component: {fileID: 1293426819}
  m_Layer: 0
  m_Name: Directional Light
  m_TagString: Untagged
  m_Icon: {fileID: 0}
  m_NavMeshLayer: 0
  m_StaticEditorFlags: 0
  m_IsActive: 1
--- !u!108 &1293426819
Light:
  m_ObjectHideFlags: 0
  m_PrefabParentObject: {fileID: 0}
  m_PrefabInternal: {fileID: 0}
  m_GameObject: {fileID: 1293426818}
  m_Enabled: 1
  serializedVersion: 8
  m_Type: 2
  m_Color: {r: 0.9998671, g: 0.99443257, b: 0.99523497, a: 1}
  m_Intensity: 29.7
  m_Range: 103.993164
  m_SpotAngle: 30
  m_CookieSize: 10
  m_Shadows:
    m_Type: 0
    m_Resolution: -1
    m_CustomResolution: -1
    m_Strength: 1
    m_Bias: 0.05
    m_NormalBias: 0.4
    m_NearPlane: 0.2
  m_Cookie: {fileID: 0}
  m_DrawHalo: 0
  m_Flare: {fileID: 0}
  m_RenderMode: 0
  m_CullingMask:
    serializedVersion: 2
    m_Bits: 4294967295
  m_Lightmapping: 4
  m_AreaSize: {x: 1, y: 1}
  m_BounceIntensity: 1
  m_ColorTemperature: 6570
  m_UseColorTemperature: 0
  m_ShadowRadius: 0
  m_ShadowAngle: 0
--- !u!4 &1293426820
Transform:
  m_ObjectHideFlags: 0
  m_PrefabParentObject: {fileID: 0}
  m_PrefabInternal: {fileID: 0}
  m_GameObject: {fileID: 1293426818}
  m_LocalRotation: {x: 0, y: 0, z: 0, w: 1}
  m_LocalPosition: {x: 0, y: 0, z: 0}
  m_LocalScale: {x: 1, y: 1, z: 1}
  m_Children: []
  m_Father: {fileID: 1206004613}
  m_RootOrder: 8
  m_LocalEulerAnglesHint: {x: 0, y: 0, z: 0}
--- !u!1 &1328122176
GameObject:
  m_ObjectHideFlags: 0
  m_PrefabParentObject: {fileID: 0}
  m_PrefabInternal: {fileID: 0}
  serializedVersion: 5
  m_Component:
  - component: {fileID: 1328122177}
  - component: {fileID: 1328122180}
  - component: {fileID: 1328122179}
  - component: {fileID: 1328122178}
  m_Layer: 0
  m_Name: Renato Michalischen
  m_TagString: Untagged
  m_Icon: {fileID: 0}
  m_NavMeshLayer: 0
  m_StaticEditorFlags: 0
  m_IsActive: 1
--- !u!224 &1328122177
RectTransform:
  m_ObjectHideFlags: 0
  m_PrefabParentObject: {fileID: 0}
  m_PrefabInternal: {fileID: 0}
  m_GameObject: {fileID: 1328122176}
  m_LocalRotation: {x: 0, y: -0.95105654, z: 0, w: 0.30901697}
  m_LocalPosition: {x: 0, y: 0, z: -76.5}
  m_LocalScale: {x: 0.075, y: 0.075, z: 1}
  m_Children:
  - {fileID: 1154615143}
  m_Father: {fileID: 1206004613}
  m_RootOrder: 6
  m_LocalEulerAnglesHint: {x: 0, y: -144, z: 0}
  m_AnchorMin: {x: 0.5, y: 0.5}
  m_AnchorMax: {x: 0.5, y: 0.5}
  m_AnchoredPosition: {x: -56.5, y: -10}
  m_SizeDelta: {x: 415, y: 40}
  m_Pivot: {x: 0.5, y: 0.5}
--- !u!223 &1328122178
Canvas:
  m_ObjectHideFlags: 0
  m_PrefabParentObject: {fileID: 0}
  m_PrefabInternal: {fileID: 0}
  m_GameObject: {fileID: 1328122176}
  m_Enabled: 1
  serializedVersion: 3
  m_RenderMode: 2
  m_Camera: {fileID: 0}
  m_PlaneDistance: 100
  m_PixelPerfect: 0
  m_ReceivesEvents: 1
  m_OverrideSorting: 0
  m_OverridePixelPerfect: 0
  m_SortingBucketNormalizedSize: 0
  m_AdditionalShaderChannelsFlag: 0
  m_SortingLayerID: 0
  m_SortingOrder: 0
  m_TargetDisplay: 0
--- !u!114 &1328122179
MonoBehaviour:
  m_ObjectHideFlags: 0
  m_PrefabParentObject: {fileID: 0}
  m_PrefabInternal: {fileID: 0}
  m_GameObject: {fileID: 1328122176}
  m_Enabled: 1
  m_EditorHideFlags: 0
  m_Script: {fileID: 708705254, guid: f70555f144d8491a825f0804e09c671c, type: 3}
  m_Name: 
  m_EditorClassIdentifier: 
  m_Material: {fileID: 0}
  m_Color: {r: 1, g: 1, b: 1, a: 1}
  m_RaycastTarget: 1
  m_OnCullStateChanged:
    m_PersistentCalls:
      m_Calls: []
    m_TypeName: UnityEngine.UI.MaskableGraphic+CullStateChangedEvent, UnityEngine.UI,
      Version=1.0.0.0, Culture=neutral, PublicKeyToken=null
  m_FontData:
    m_Font: {fileID: 12800000, guid: 56ceed2a56ead427d9c3bdc80f76aff9, type: 3}
    m_FontSize: 38
    m_FontStyle: 0
    m_BestFit: 0
    m_MinSize: 1
    m_MaxSize: 40
    m_Alignment: 0
    m_AlignByGeometry: 0
    m_RichText: 1
    m_HorizontalOverflow: 0
    m_VerticalOverflow: 0
    m_LineSpacing: 1
  m_Text: Renato Michalischen
--- !u!222 &1328122180
CanvasRenderer:
  m_ObjectHideFlags: 0
  m_PrefabParentObject: {fileID: 0}
  m_PrefabInternal: {fileID: 0}
  m_GameObject: {fileID: 1328122176}
--- !u!1 &1466313453
GameObject:
  m_ObjectHideFlags: 0
  m_PrefabParentObject: {fileID: 1643044233224596, guid: be8a742192d8e45ddb36ed7e940cab74,
    type: 2}
  m_PrefabInternal: {fileID: 0}
  serializedVersion: 5
  m_Component:
  - component: {fileID: 1466313454}
  - component: {fileID: 1466313457}
  - component: {fileID: 1466313456}
  - component: {fileID: 1466313455}
  m_Layer: 0
  m_Name: Cubo
  m_TagString: Untagged
  m_Icon: {fileID: 0}
  m_NavMeshLayer: 0
  m_StaticEditorFlags: 0
  m_IsActive: 1
--- !u!4 &1466313454
Transform:
  m_ObjectHideFlags: 0
  m_PrefabParentObject: {fileID: 4852853090765030, guid: be8a742192d8e45ddb36ed7e940cab74,
    type: 2}
  m_PrefabInternal: {fileID: 0}
  m_GameObject: {fileID: 1466313453}
  m_LocalRotation: {x: -0, y: -1, z: -0, w: 0}
  m_LocalPosition: {x: -4, y: 0, z: 3}
  m_LocalScale: {x: 158.33376, y: 66.66666, z: 5}
  m_Children: []
  m_Father: {fileID: 1837764288}
  m_RootOrder: 0
  m_LocalEulerAnglesHint: {x: 0, y: 0, z: 0}
--- !u!65 &1466313455
BoxCollider:
  m_ObjectHideFlags: 0
  m_PrefabParentObject: {fileID: 65116733700245164, guid: be8a742192d8e45ddb36ed7e940cab74,
    type: 2}
  m_PrefabInternal: {fileID: 0}
  m_GameObject: {fileID: 1466313453}
  m_Material: {fileID: 0}
  m_IsTrigger: 0
  m_Enabled: 1
  serializedVersion: 2
  m_Size: {x: 2.9255617, y: 1.3211915, z: 1.0774909}
  m_Center: {x: -0.0033254446, y: 0, z: -0.0039348598}
--- !u!23 &1466313456
MeshRenderer:
  m_ObjectHideFlags: 0
  m_PrefabParentObject: {fileID: 23427296903239576, guid: be8a742192d8e45ddb36ed7e940cab74,
    type: 2}
  m_PrefabInternal: {fileID: 0}
  m_GameObject: {fileID: 1466313453}
  m_Enabled: 1
  m_CastShadows: 1
  m_ReceiveShadows: 1
  m_DynamicOccludee: 1
  m_MotionVectors: 1
  m_LightProbeUsage: 1
  m_ReflectionProbeUsage: 1
  m_Materials:
  - {fileID: 2100000, guid: 8618b5ec67aff45558c23b4a9ac0e3e7, type: 2}
  m_StaticBatchInfo:
    firstSubMesh: 0
    subMeshCount: 0
  m_StaticBatchRoot: {fileID: 0}
  m_ProbeAnchor: {fileID: 0}
  m_LightProbeVolumeOverride: {fileID: 0}
  m_ScaleInLightmap: 1
  m_PreserveUVs: 0
  m_IgnoreNormalsForChartDetection: 0
  m_ImportantGI: 0
  m_StitchLightmapSeams: 0
  m_SelectedEditorRenderState: 3
  m_MinimumChartSize: 4
  m_AutoUVMaxDistance: 0.5
  m_AutoUVMaxAngle: 89
  m_LightmapParameters: {fileID: 0}
  m_SortingLayerID: 0
  m_SortingLayer: 0
  m_SortingOrder: 0
--- !u!33 &1466313457
MeshFilter:
  m_ObjectHideFlags: 0
  m_PrefabParentObject: {fileID: 33444473222563130, guid: be8a742192d8e45ddb36ed7e940cab74,
    type: 2}
  m_PrefabInternal: {fileID: 0}
  m_GameObject: {fileID: 1466313453}
  m_Mesh: {fileID: 4300014, guid: 8996bbc645baa4eb995169ddcb81c553, type: 3}
--- !u!1 &1757704938
GameObject:
  m_ObjectHideFlags: 0
  m_PrefabParentObject: {fileID: 1864456069508234, guid: 1a17b6dc2fa024162930380059a1fabc,
    type: 2}
  m_PrefabInternal: {fileID: 0}
  serializedVersion: 5
  m_Component:
  - component: {fileID: 1757704939}
  m_Layer: 0
  m_Name: LeftHandAnchor
  m_TagString: Untagged
  m_Icon: {fileID: 0}
  m_NavMeshLayer: 0
  m_StaticEditorFlags: 0
  m_IsActive: 1
--- !u!4 &1757704939
Transform:
  m_ObjectHideFlags: 0
  m_PrefabParentObject: {fileID: 4021834119629566, guid: 1a17b6dc2fa024162930380059a1fabc,
    type: 2}
  m_PrefabInternal: {fileID: 0}
  m_GameObject: {fileID: 1757704938}
  m_LocalRotation: {x: 0, y: 0, z: 0, w: 1}
  m_LocalPosition: {x: 0, y: 0, z: 0}
  m_LocalScale: {x: 1, y: 1, z: 1}
  m_Children: []
  m_Father: {fileID: 967195282}
  m_RootOrder: 4
  m_LocalEulerAnglesHint: {x: 0, y: 0, z: 0}
--- !u!1 &1837764287
GameObject:
  m_ObjectHideFlags: 0
  m_PrefabParentObject: {fileID: 0}
  m_PrefabInternal: {fileID: 0}
  serializedVersion: 5
  m_Component:
  - component: {fileID: 1837764288}
  - component: {fileID: 1837764291}
  - component: {fileID: 1837764290}
  - component: {fileID: 1837764289}
  - component: {fileID: 1837764292}
  m_Layer: 0
  m_Name: Caio Costa
  m_TagString: Untagged
  m_Icon: {fileID: 0}
  m_NavMeshLayer: 0
  m_StaticEditorFlags: 0
  m_IsActive: 1
--- !u!224 &1837764288
RectTransform:
  m_ObjectHideFlags: 0
  m_PrefabParentObject: {fileID: 0}
  m_PrefabInternal: {fileID: 0}
  m_GameObject: {fileID: 1837764287}
  m_LocalRotation: {x: 0, y: 0.58778524, z: 0, w: 0.809017}
  m_LocalPosition: {x: 0, y: 0, z: 28.8}
  m_LocalScale: {x: 0.075, y: 0.075, z: 1}
  m_Children:
  - {fileID: 1466313454}
  - {fileID: 931378625}
  m_Father: {fileID: 1206004613}
  m_RootOrder: 3
  m_LocalEulerAnglesHint: {x: 0, y: 72, z: 0}
  m_AnchorMin: {x: 0.5, y: 0.5}
  m_AnchorMax: {x: 0.5, y: 0.5}
  m_AnchoredPosition: {x: 90, y: -10}
  m_SizeDelta: {x: 415, y: 40}
  m_Pivot: {x: 0.5, y: 0.5}
--- !u!114 &1837764289
MonoBehaviour:
  m_ObjectHideFlags: 0
  m_PrefabParentObject: {fileID: 0}
  m_PrefabInternal: {fileID: 0}
  m_GameObject: {fileID: 1837764287}
  m_Enabled: 1
  m_EditorHideFlags: 0
  m_Script: {fileID: 708705254, guid: f70555f144d8491a825f0804e09c671c, type: 3}
  m_Name: 
  m_EditorClassIdentifier: 
  m_Material: {fileID: 0}
  m_Color: {r: 1, g: 1, b: 1, a: 1}
  m_RaycastTarget: 1
  m_OnCullStateChanged:
    m_PersistentCalls:
      m_Calls: []
    m_TypeName: UnityEngine.UI.MaskableGraphic+CullStateChangedEvent, UnityEngine.UI,
      Version=1.0.0.0, Culture=neutral, PublicKeyToken=null
  m_FontData:
    m_Font: {fileID: 12800000, guid: 56ceed2a56ead427d9c3bdc80f76aff9, type: 3}
    m_FontSize: 38
    m_FontStyle: 0
    m_BestFit: 0
    m_MinSize: 1
    m_MaxSize: 40
    m_Alignment: 1
    m_AlignByGeometry: 0
    m_RichText: 1
    m_HorizontalOverflow: 0
    m_VerticalOverflow: 0
    m_LineSpacing: 1
  m_Text: Caio Costa
--- !u!222 &1837764290
CanvasRenderer:
  m_ObjectHideFlags: 0
  m_PrefabParentObject: {fileID: 0}
  m_PrefabInternal: {fileID: 0}
  m_GameObject: {fileID: 1837764287}
--- !u!223 &1837764291
Canvas:
  m_ObjectHideFlags: 0
  m_PrefabParentObject: {fileID: 0}
  m_PrefabInternal: {fileID: 0}
  m_GameObject: {fileID: 1837764287}
  m_Enabled: 1
  serializedVersion: 3
  m_RenderMode: 2
  m_Camera: {fileID: 0}
  m_PlaneDistance: 100
  m_PixelPerfect: 0
  m_ReceivesEvents: 1
  m_OverrideSorting: 0
  m_OverridePixelPerfect: 0
  m_SortingBucketNormalizedSize: 0
  m_AdditionalShaderChannelsFlag: 0
  m_SortingLayerID: 0
  m_SortingOrder: 0
  m_TargetDisplay: 0
--- !u!65 &1837764292
BoxCollider:
  m_ObjectHideFlags: 0
  m_PrefabParentObject: {fileID: 0}
  m_PrefabInternal: {fileID: 0}
  m_GameObject: {fileID: 1837764287}
  m_Material: {fileID: 0}
  m_IsTrigger: 0
  m_Enabled: 1
  serializedVersion: 2
  m_Size: {x: 1, y: 1, z: 1}
  m_Center: {x: 0, y: 0, z: 0}
--- !u!1 &1854551514
GameObject:
  m_ObjectHideFlags: 0
  m_PrefabParentObject: {fileID: 0}
  m_PrefabInternal: {fileID: 0}
  serializedVersion: 5
  m_Component:
  - component: {fileID: 1854551515}
  - component: {fileID: 1854551518}
  - component: {fileID: 1854551517}
  - component: {fileID: 1854551516}
  m_Layer: 0
  m_Name: photo
  m_TagString: Untagged
  m_Icon: {fileID: 0}
  m_NavMeshLayer: 0
  m_StaticEditorFlags: 0
  m_IsActive: 1
--- !u!224 &1854551515
RectTransform:
  m_ObjectHideFlags: 0
  m_PrefabParentObject: {fileID: 0}
  m_PrefabInternal: {fileID: 0}
  m_GameObject: {fileID: 1854551514}
  m_LocalRotation: {x: 0, y: 0, z: 0, w: 1}
  m_LocalPosition: {x: 0, y: 0, z: 0.5}
  m_LocalScale: {x: 0.85, y: 0.85, z: 1}
  m_Children: []
  m_Father: {fileID: 931378625}
  m_RootOrder: 0
  m_LocalEulerAnglesHint: {x: 0, y: 0, z: 0}
  m_AnchorMin: {x: 0.5, y: 0.5}
  m_AnchorMax: {x: 0.5, y: 0.5}
  m_AnchoredPosition: {x: 0, y: 0.138}
  m_SizeDelta: {x: 2.25, y: 0.75}
  m_Pivot: {x: 0.5, y: 0.5}
--- !u!114 &1854551516
MonoBehaviour:
  m_ObjectHideFlags: 0
  m_PrefabParentObject: {fileID: 0}
  m_PrefabInternal: {fileID: 0}
  m_GameObject: {fileID: 1854551514}
  m_Enabled: 1
  m_EditorHideFlags: 0
  m_Script: {fileID: -765806418, guid: f70555f144d8491a825f0804e09c671c, type: 3}
  m_Name: 
  m_EditorClassIdentifier: 
  m_Material: {fileID: 2100000, guid: 014b84b2be617451b9a0a883b409a762, type: 2}
  m_Color: {r: 0.53160673, g: 0.5379941, b: 0.5378642, a: 1}
  m_RaycastTarget: 1
  m_OnCullStateChanged:
    m_PersistentCalls:
      m_Calls: []
    m_TypeName: UnityEngine.UI.MaskableGraphic+CullStateChangedEvent, UnityEngine.UI,
      Version=1.0.0.0, Culture=neutral, PublicKeyToken=null
  m_Sprite: {fileID: 21300000, guid: e8198c3ff1a3f4c86917ecbec32e4e18, type: 3}
  m_Type: 0
  m_PreserveAspect: 0
  m_FillCenter: 1
  m_FillMethod: 4
  m_FillAmount: 1
  m_FillClockwise: 1
  m_FillOrigin: 0
--- !u!222 &1854551517
CanvasRenderer:
  m_ObjectHideFlags: 0
  m_PrefabParentObject: {fileID: 0}
  m_PrefabInternal: {fileID: 0}
  m_GameObject: {fileID: 1854551514}
--- !u!223 &1854551518
Canvas:
  m_ObjectHideFlags: 0
  m_PrefabParentObject: {fileID: 0}
  m_PrefabInternal: {fileID: 0}
  m_GameObject: {fileID: 1854551514}
  m_Enabled: 1
  serializedVersion: 3
  m_RenderMode: 2
  m_Camera: {fileID: 0}
  m_PlaneDistance: 100
  m_PixelPerfect: 0
  m_ReceivesEvents: 1
  m_OverrideSorting: 0
  m_OverridePixelPerfect: 0
  m_SortingBucketNormalizedSize: 0
  m_AdditionalShaderChannelsFlag: 0
  m_SortingLayerID: 0
  m_SortingOrder: 0
  m_TargetDisplay: 0
--- !u!1 &1874532724
GameObject:
  m_ObjectHideFlags: 0
  m_PrefabParentObject: {fileID: 0}
  m_PrefabInternal: {fileID: 0}
  serializedVersion: 5
  m_Component:
  - component: {fileID: 1874532725}
  - component: {fileID: 1874532727}
  - component: {fileID: 1874532726}
  m_Layer: 0
  m_Name: logo_isobar
  m_TagString: Untagged
  m_Icon: {fileID: 0}
  m_NavMeshLayer: 0
  m_StaticEditorFlags: 0
  m_IsActive: 1
--- !u!224 &1874532725
RectTransform:
  m_ObjectHideFlags: 0
  m_PrefabParentObject: {fileID: 0}
  m_PrefabInternal: {fileID: 0}
  m_GameObject: {fileID: 1874532724}
  m_LocalRotation: {x: -0, y: -0, z: -0, w: 1}
  m_LocalPosition: {x: 0, y: 0, z: 0}
  m_LocalScale: {x: 1, y: 1, z: 1}
  m_Children: []
  m_Father: {fileID: 698662937}
  m_RootOrder: 0
  m_LocalEulerAnglesHint: {x: 0, y: 0, z: 0}
  m_AnchorMin: {x: 0.5, y: 0.5}
  m_AnchorMax: {x: 0.5, y: 0.5}
  m_AnchoredPosition: {x: 0, y: 0}
  m_SizeDelta: {x: 11.32, y: 3.28}
  m_Pivot: {x: 0.5, y: 0.5}
--- !u!223 &1874532726
Canvas:
  m_ObjectHideFlags: 0
  m_PrefabParentObject: {fileID: 0}
  m_PrefabInternal: {fileID: 0}
  m_GameObject: {fileID: 1874532724}
  m_Enabled: 1
  serializedVersion: 3
  m_RenderMode: 2
  m_Camera: {fileID: 0}
  m_PlaneDistance: 100
  m_PixelPerfect: 0
  m_ReceivesEvents: 1
  m_OverrideSorting: 0
  m_OverridePixelPerfect: 0
  m_SortingBucketNormalizedSize: 0
  m_AdditionalShaderChannelsFlag: 0
  m_SortingLayerID: 0
  m_SortingOrder: 0
  m_TargetDisplay: 0
--- !u!212 &1874532727
SpriteRenderer:
  m_ObjectHideFlags: 0
  m_PrefabParentObject: {fileID: 0}
  m_PrefabInternal: {fileID: 0}
  m_GameObject: {fileID: 1874532724}
  m_Enabled: 1
  m_CastShadows: 0
  m_ReceiveShadows: 0
  m_DynamicOccludee: 1
  m_MotionVectors: 1
  m_LightProbeUsage: 1
  m_ReflectionProbeUsage: 1
  m_Materials:
  - {fileID: 10754, guid: 0000000000000000f000000000000000, type: 0}
  m_StaticBatchInfo:
    firstSubMesh: 0
    subMeshCount: 0
  m_StaticBatchRoot: {fileID: 0}
  m_ProbeAnchor: {fileID: 0}
  m_LightProbeVolumeOverride: {fileID: 0}
  m_ScaleInLightmap: 1
  m_PreserveUVs: 0
  m_IgnoreNormalsForChartDetection: 0
  m_ImportantGI: 0
  m_StitchLightmapSeams: 0
  m_SelectedEditorRenderState: 0
  m_MinimumChartSize: 4
  m_AutoUVMaxDistance: 0.5
  m_AutoUVMaxAngle: 89
  m_LightmapParameters: {fileID: 0}
  m_SortingLayerID: 0
  m_SortingLayer: 0
  m_SortingOrder: 0
  m_Sprite: {fileID: 21300000, guid: 38b942700210247e8ae9d60e7d7f1e57, type: 3}
  m_Color: {r: 1, g: 1, b: 1, a: 1}
  m_FlipX: 0
  m_FlipY: 0
  m_DrawMode: 0
  m_Size: {x: 11.32, y: 3.28}
  m_AdaptiveModeThreshold: 0.5
  m_SpriteTileMode: 0
  m_WasSpriteAssigned: 1
  m_MaskInteraction: 0
--- !u!1 &1896965174
GameObject:
  m_ObjectHideFlags: 0
  m_PrefabParentObject: {fileID: 1886369251992502, guid: 1a17b6dc2fa024162930380059a1fabc,
    type: 2}
  m_PrefabInternal: {fileID: 0}
  serializedVersion: 5
  m_Component:
  - component: {fileID: 1896965175}
  m_Layer: 0
  m_Name: RightHandAnchor
  m_TagString: Untagged
  m_Icon: {fileID: 0}
  m_NavMeshLayer: 0
  m_StaticEditorFlags: 0
  m_IsActive: 1
--- !u!4 &1896965175
Transform:
  m_ObjectHideFlags: 0
  m_PrefabParentObject: {fileID: 4216438042287012, guid: 1a17b6dc2fa024162930380059a1fabc,
    type: 2}
  m_PrefabInternal: {fileID: 0}
  m_GameObject: {fileID: 1896965174}
  m_LocalRotation: {x: 0, y: 0, z: 0, w: 1}
  m_LocalPosition: {x: 0, y: 0, z: 0}
  m_LocalScale: {x: 1, y: 1, z: 1}
  m_Children: []
  m_Father: {fileID: 967195282}
  m_RootOrder: 5
  m_LocalEulerAnglesHint: {x: 0, y: 0, z: 0}
--- !u!1 &1903800183
GameObject:
  m_ObjectHideFlags: 0
  m_PrefabParentObject: {fileID: 0}
  m_PrefabInternal: {fileID: 0}
  serializedVersion: 5
  m_Component:
  - component: {fileID: 1903800184}
  m_Layer: 0
  m_Name: Logos
  m_TagString: Untagged
  m_Icon: {fileID: 0}
  m_NavMeshLayer: 0
  m_StaticEditorFlags: 0
  m_IsActive: 1
--- !u!4 &1903800184
Transform:
  m_ObjectHideFlags: 0
  m_PrefabParentObject: {fileID: 0}
  m_PrefabInternal: {fileID: 0}
  m_GameObject: {fileID: 1903800183}
  m_LocalRotation: {x: -0, y: -0, z: -0, w: 1}
  m_LocalPosition: {x: 0, y: 13.9, z: 96.2}
  m_LocalScale: {x: 1, y: 1, z: 1}
  m_Children:
  - {fileID: 698662937}
  - {fileID: 1191951000}
  m_Father: {fileID: 1206004613}
  m_RootOrder: 7
  m_LocalEulerAnglesHint: {x: 0, y: 0, z: 0}
--- !u!1 &2014268570
GameObject:
  m_ObjectHideFlags: 0
  m_PrefabParentObject: {fileID: 100002, guid: 8e6772d078f6c40ec85749642925b6a9, type: 3}
  m_PrefabInternal: {fileID: 0}
  serializedVersion: 5
  m_Component:
  - component: {fileID: 2014268571}
  - component: {fileID: 2014268572}
  m_Layer: 0
  m_Name: CenterEyeAnchor
  m_TagString: Untagged
  m_Icon: {fileID: 0}
  m_NavMeshLayer: 0
  m_StaticEditorFlags: 0
  m_IsActive: 1
--- !u!4 &2014268571
Transform:
  m_ObjectHideFlags: 0
  m_PrefabParentObject: {fileID: 400002, guid: 8e6772d078f6c40ec85749642925b6a9, type: 3}
  m_PrefabInternal: {fileID: 0}
  m_GameObject: {fileID: 2014268570}
  m_LocalRotation: {x: 0, y: 0, z: 0, w: 1}
  m_LocalPosition: {x: 0, y: 0, z: 0}
  m_LocalScale: {x: 1, y: 1, z: 1}
  m_Children: []
  m_Father: {fileID: 967195282}
  m_RootOrder: 2
  m_LocalEulerAnglesHint: {x: 4.6000004, y: 0, z: 0}
--- !u!20 &2014268572
Camera:
  m_ObjectHideFlags: 0
  m_PrefabParentObject: {fileID: 2000000, guid: 8e6772d078f6c40ec85749642925b6a9,
    type: 3}
  m_PrefabInternal: {fileID: 0}
  m_GameObject: {fileID: 2014268570}
  m_Enabled: 1
  serializedVersion: 2
  m_ClearFlags: 1
  m_BackGroundColor: {r: 0.05596996, g: 0.052529037, b: 0.05700374, a: 0}
  m_NormalizedViewPortRect:
    serializedVersion: 2
    x: 0
    y: 0
    width: 1
    height: 1
  near clip plane: 3
  far clip plane: 150
  field of view: 25
  orthographic: 0
  orthographic size: 0.0028124999
  m_Depth: 0
  m_CullingMask:
    serializedVersion: 2
    m_Bits: 4294967295
  m_RenderingPath: -1
  m_TargetTexture: {fileID: 0}
  m_TargetDisplay: 0
  m_TargetEye: 3
  m_HDR: 1
  m_AllowMSAA: 1
  m_ForceIntoRT: 0
  m_OcclusionCulling: 1
  m_StereoConvergence: 10
  m_StereoSeparation: 0.022
--- !u!1 &2014872496
GameObject:
  m_ObjectHideFlags: 0
  m_PrefabParentObject: {fileID: 1835272942717238, guid: 1a17b6dc2fa024162930380059a1fabc,
    type: 2}
  m_PrefabInternal: {fileID: 0}
  serializedVersion: 5
  m_Component:
  - component: {fileID: 2014872498}
  - component: {fileID: 2014872497}
  m_Layer: 0
  m_Name: Player
  m_TagString: Untagged
  m_Icon: {fileID: 0}
  m_NavMeshLayer: 0
  m_StaticEditorFlags: 0
  m_IsActive: 1
--- !u!114 &2014872497
MonoBehaviour:
  m_ObjectHideFlags: 0
  m_PrefabParentObject: {fileID: 0}
  m_PrefabInternal: {fileID: 0}
  m_GameObject: {fileID: 2014872496}
  m_Enabled: 1
  m_EditorHideFlags: 0
  m_Script: {fileID: 11500000, guid: ad19a14c49cb64290994c1fe194dcc43, type: 3}
  m_Name: 
  m_EditorClassIdentifier: 
  CameraFacing: {fileID: 2014268572}
--- !u!4 &2014872498
Transform:
  m_ObjectHideFlags: 0
  m_PrefabParentObject: {fileID: 4379143866480256, guid: 1a17b6dc2fa024162930380059a1fabc,
    type: 2}
  m_PrefabInternal: {fileID: 0}
  m_GameObject: {fileID: 2014872496}
  m_LocalRotation: {x: 0, y: 0, z: 0, w: 1}
  m_LocalPosition: {x: 0, y: 0, z: 0}
  m_LocalScale: {x: 1, y: 1, z: 1}
  m_Children:
  - {fileID: 1003473572}
  m_Father: {fileID: 1206004613}
  m_RootOrder: 1
  m_LocalEulerAnglesHint: {x: 0, y: 0, z: 0}
--- !u!1 &2054462883
GameObject:
  m_ObjectHideFlags: 0
  m_PrefabParentObject: {fileID: 1643044233224596, guid: be8a742192d8e45ddb36ed7e940cab74,
    type: 2}
  m_PrefabInternal: {fileID: 0}
  serializedVersion: 5
  m_Component:
  - component: {fileID: 2054462884}
  - component: {fileID: 2054462887}
  - component: {fileID: 2054462886}
  - component: {fileID: 2054462885}
  m_Layer: 0
  m_Name: Cubo
  m_TagString: Untagged
  m_Icon: {fileID: 0}
  m_NavMeshLayer: 0
  m_StaticEditorFlags: 0
  m_IsActive: 1
--- !u!4 &2054462884
Transform:
  m_ObjectHideFlags: 0
  m_PrefabParentObject: {fileID: 4852853090765030, guid: be8a742192d8e45ddb36ed7e940cab74,
    type: 2}
  m_PrefabInternal: {fileID: 0}
  m_GameObject: {fileID: 2054462883}
  m_LocalRotation: {x: -0, y: -1, z: -0, w: 0}
  m_LocalPosition: {x: -5.745849, y: 0, z: 3}
  m_LocalScale: {x: 158.3337, y: 66.66666, z: 5}
  m_Children: []
  m_Father: {fileID: 560036215}
  m_RootOrder: 0
  m_LocalEulerAnglesHint: {x: 0, y: 0, z: 0}
--- !u!65 &2054462885
BoxCollider:
  m_ObjectHideFlags: 0
  m_PrefabParentObject: {fileID: 65116733700245164, guid: be8a742192d8e45ddb36ed7e940cab74,
    type: 2}
  m_PrefabInternal: {fileID: 0}
  m_GameObject: {fileID: 2054462883}
  m_Material: {fileID: 0}
  m_IsTrigger: 0
  m_Enabled: 1
  serializedVersion: 2
  m_Size: {x: 2.9255617, y: 1.3211915, z: 1.0774909}
  m_Center: {x: -0.0033254446, y: 0, z: -0.0039348598}
--- !u!23 &2054462886
MeshRenderer:
  m_ObjectHideFlags: 0
  m_PrefabParentObject: {fileID: 23427296903239576, guid: be8a742192d8e45ddb36ed7e940cab74,
    type: 2}
  m_PrefabInternal: {fileID: 0}
  m_GameObject: {fileID: 2054462883}
  m_Enabled: 1
  m_CastShadows: 1
  m_ReceiveShadows: 1
  m_DynamicOccludee: 1
  m_MotionVectors: 1
  m_LightProbeUsage: 1
  m_ReflectionProbeUsage: 1
  m_Materials:
  - {fileID: 2100000, guid: 8618b5ec67aff45558c23b4a9ac0e3e7, type: 2}
  m_StaticBatchInfo:
    firstSubMesh: 0
    subMeshCount: 0
  m_StaticBatchRoot: {fileID: 0}
  m_ProbeAnchor: {fileID: 0}
  m_LightProbeVolumeOverride: {fileID: 0}
  m_ScaleInLightmap: 1
  m_PreserveUVs: 0
  m_IgnoreNormalsForChartDetection: 0
  m_ImportantGI: 0
  m_StitchLightmapSeams: 0
  m_SelectedEditorRenderState: 3
  m_MinimumChartSize: 4
  m_AutoUVMaxDistance: 0.5
  m_AutoUVMaxAngle: 89
  m_LightmapParameters: {fileID: 0}
  m_SortingLayerID: 0
  m_SortingLayer: 0
  m_SortingOrder: 0
--- !u!33 &2054462887
MeshFilter:
  m_ObjectHideFlags: 0
  m_PrefabParentObject: {fileID: 33444473222563130, guid: be8a742192d8e45ddb36ed7e940cab74,
    type: 2}
  m_PrefabInternal: {fileID: 0}
  m_GameObject: {fileID: 2054462883}
  m_Mesh: {fileID: 4300014, guid: 8996bbc645baa4eb995169ddcb81c553, type: 3}
